@article{cetingoz,
  title={Stochastic Algorithms for Advanced Risk Budgeting},
  author={Cetingoz, Adil Rengim and Fermanian, Jean-David and Gu{\'e}ant, Olivier},
  journal={arXiv preprint arXiv:2211.07212},
  year={2022}
}

@article{geht1958james,
  title={James: Liquidity Preference as Behaviour toward Risk},
  author={geht zur{\"u}ck auf TOBIN, Dieses Separationstheorem},
  journal={Review of Economic Studies},
  volume={26},
  pages={65--86},
  year={1958}
}

@article{portfolioSelection,
  title={Portfolio selection},
  author={Markowitz, H},
  journal={The Journal of Finance},
  volume={12},
  pages={77--91},
  year={1952}
}

@article{william1964capital,
  title={Capital asset prices: A theory of market equilibrium under conditions of risk},
  author={William, F Sharpe},
  journal={The Journal of Finance},
  volume={19},
  number={3},
  pages={425},
  year={1964},
  publisher={JSTOR}
}

@incollection{aziz2021participatory,
  title={Participatory budgeting: Models and approaches},
  author={Aziz, Haris and Shah, Nisarg},
  booktitle={Pathways Between Social Science and Computational Social Science},
  pages={215--236},
  year={2021},
  publisher={Springer}
}

@article{freeman1971probabilistic,
  title={A probabilistic objective function for R \& D portfolio selection},
  author={Freeman, P and Gear, AE},
  journal={Journal of the Operational Research Society},
  volume={22},
  number={3},
  pages={253--265},
  year={1971},
  publisher={Springer}
}